<?xml version="1.0" encoding="UTF-8"?><record xmlns="http://www.loc.gov/MARC21/slim" xmlns:cinclude="http://apache.org/cocoon/include/1.0" xmlns:zs="http://www.loc.gov/zing/srw/">
  <leader>00559nz  a2200145n  4500</leader>
  <controlfield tag="001">n  88682177 </controlfield>
  <controlfield tag="003">DLC</controlfield>
  <controlfield tag="005">19881228151242.3</controlfield>
  <controlfield tag="008">881228n| acannaab|          |a aaa |||  </controlfield>
  <datafield tag="010" ind1=" " ind2=" ">
    <subfield code="a">n  88682177 </subfield>
  </datafield>
  <datafield tag="040" ind1=" " ind2=" ">
    <subfield code="a">DLC</subfield>
    <subfield code="c">DLC</subfield>
  </datafield>
  <datafield tag="100" ind1="1" ind2="0">
    <subfield code="a">Bojórquez, Juan de Dios,</subfield>
    <subfield code="d">1892-</subfield>
  </datafield>
  <datafield tag="400" ind1="1" ind2="0">
    <subfield code="a">Bórquez, Djed,</subfield>
    <subfield code="d">1892-</subfield>
  </datafield>
  <datafield tag="670" ind1=" " ind2=" ">
    <subfield code="a">nuc88-133640: His Crónica del Constituyente, 1981</subfield>
    <subfield code="b">(hdg. on CU-BANC rept.: Bojórquez, Juan de Dios, 1892- ; usage: Juan de Dios Bojórquez)</subfield>
  </datafield>
  <datafield tag="670" ind1=" " ind2=" ">
    <subfield code="a">LC data base, 12/28/88</subfield>
    <subfield code="b">(hdg.: Bojórquez, Juan de Dios, 1892- ; usage: Djed Bórquez)</subfield>
  </datafield>
</record>